% Encoding: UTF-8

@misc{tanner_live_2020,
	title = {Live {Object} {Detection}},
	url = {https://towardsdatascience.com/live-object-detection-26cd50cceffd},
	abstract = {Live Object Detection using the Tensorflow Object Detection API},
	language = {en},
	urldate = {2021-12-23},
	journal = {Medium},
	author = {Tanner, Gilbert},
	month = jul,
	year = {2020},
	file = {Snapshot:/Users/julienvanbelle/Zotero/storage/MDZYQZA2/live-object-detection-26cd50cceffd.html:text/html},
}

@misc{noauthor_pyimagesearch_nodate,
	title = {{PyImageSearch} - {You} can master {Computer} {Vision}, {Deep} {Learning}, and {OpenCV}.},
	url = {https://www.pyimagesearch.com/},
	abstract = {Helping developers, students, and researchers master Computer Vision, Deep Learning, and OpenCV.},
	language = {en-US},
	urldate = {2021-12-23},
	journal = {PyImageSearch},
	file = {Snapshot:/Users/julienvanbelle/Zotero/storage/HACBXHQK/www.pyimagesearch.com.html:text/html},
}

@misc{agnihotri_implementing_2021,
	title = {Implementing {Real}-time {Object} {Detection} {System} using {PyTorch} and {OpenCV}},
	url = {https://towardsdatascience.com/implementing-real-time-object-detection-system-using-pytorch-and-opencv-70bac41148f7},
	abstract = {Hands-On Guide to implement real-time object detection system using python},
	language = {en},
	urldate = {2021-12-23},
	journal = {Medium},
	author = {Agnihotri, Akash},
	month = jun,
	year = {2021},
	file = {Snapshot:/Users/julienvanbelle/Zotero/storage/HQ2GZ2UF/implementing-real-time-object-detection-system-using-pytorch-and-opencv-70bac41148f7.html:text/html},
}

@article{nowak_reconnaissance_nodate,
	title = {Reconnaissance de catégories d'objets et d'instances d'objets à l'aide de représentations locales},
	author = {Nowak, Eric},
	pages = {186},
	file = {Nowak - Reconnaissance de catégories d'objets et d'instanc.pdf:/Users/julienvanbelle/Zotero/storage/3S6DWS8H/Nowak - Reconnaissance de catégories d'objets et d'instanc.pdf:application/pdf},
}

@misc{noauthor_comment_2018,
	title = {Comment fonctionne la reconnaissance d'image ? - {Deepomatic} - {Visual} {Automation} {Platform}},
	shorttitle = {Comment fonctionne la reconnaissance d'image ?},
	url = {https://deepomatic.com/fr/comment-fonctionne-la-reconnaissance-dimage},
	abstract = {COMMENT FONCTIONNE LA RECONNAISSANCE D’IMAGE ET COMMENT L’UTILISER ?  La reconnaissance d’images fait référence aux technologies qui identifient les lieux, les logos, les personnes, les objets, les bâtiments et plusieurs autres variables dans des images. Les utilisateurs partagent de grandes quantités de données par le biais d’applications, des réseaux sociaux et des sites Web. De […]},
	language = {fr-FR},
	urldate = {2021-12-27},
	journal = {Deepomatic},
	month = may,
	year = {2018},
	file = {Snapshot:/Users/julienvanbelle/Zotero/storage/BP8JFFN2/comment-fonctionne-la-reconnaissance-dimage.html:text/html},
}

@misc{datagenius_reconnaissance_2020,
	title = {Reconnaissance d'image : {Quelle} solution choisir ?},
	shorttitle = {Reconnaissance d'image},
	url = {https://www.datagenius.fr/post/reconnaissance-d-image-intelligence-artificielle-ai-compare},
	abstract = {Quelle solution de reconnaissance d'image choisir ? Intelligence Artificiel, test et comparatif avec AI-Compare},
	language = {fr},
	urldate = {2021-12-27},
	journal = {datagenius},
	author = {DataGenius},
	month = feb,
	year = {2020},
	file = {Snapshot:/Users/julienvanbelle/Zotero/storage/25WGUFDK/reconnaissance-d-image-intelligence-artificielle-ai-compare.html:text/html},
}

@misc{cochard_yolov5_2021,
	title = {{YOLOv5} : {The} {Latest} {Model} for {Object} {Detection}},
	shorttitle = {{YOLOv5}},
	url = {https://medium.com/axinc-ai/yolov5-the-latest-model-for-object-detection-b13320ec516b},
	abstract = {This is an introduction to「YOLOv5」, a machine learning model that can be used with ailia SDK. You can easily use this model to create AI…},
	language = {en},
	urldate = {2021-12-27},
	journal = {axinc-ai},
	author = {Cochard, David},
	month = may,
	year = {2021},
	file = {Snapshot:/Users/julienvanbelle/Zotero/storage/SCREA73Z/yolov5-the-latest-model-for-object-detection-b13320ec516b.html:text/html},
}

@misc{noauthor_object_2021,
	title = {Object {Detection} in 2021: {The} {Definitive} {Guide}},
	shorttitle = {Object {Detection} in 2021},
	url = {https://viso.ai/deep-learning/object-detection/},
	abstract = {Complete overview of Object Detection in 2021. Introduction to the most popular Computer Vision and Deep Learning Object Detection Algorithms.},
	language = {en-US},
	urldate = {2021-12-27},
	journal = {viso.ai},
	month = jul,
	year = {2021},
	file = {Snapshot:/Users/julienvanbelle/Zotero/storage/BWXAAAYR/object-detection.html:text/html},
}

@misc{noauthor_yolov3_2021,
	title = {{YOLOv3}: {Real}-{Time} {Object} {Detection} {Algorithm} ({What}'s {New}?)},
	shorttitle = {{YOLOv3}},
	url = {https://viso.ai/deep-learning/yolov3-overview/},
	abstract = {What is YOLOv3, and how does it work? Learn how fast it really is and why it is so popular for real-time object detection.},
	language = {en-US},
	urldate = {2021-12-27},
	journal = {viso.ai},
	month = feb,
	year = {2021},
}

@misc{noauthor_ann_2021,
	title = {{ANN} and {CNN}: {Analyzing} {Differences} and {Similarities}},
	shorttitle = {{ANN} and {CNN}},
	url = {https://viso.ai/deep-learning/ann-and-cnn-analyzing-differences-and-similarities/},
	abstract = {Easy to understand guide about differences between ANN vs. CNN. Their characteristics and why it's important to use them for the right task.},
	language = {en-US},
	urldate = {2021-12-27},
	journal = {viso.ai},
	month = feb,
	year = {2021},
}

@misc{noauthor_83_2021,
	title = {83 {Most} {Popular} {Computer} {Vision} {Applications} in 2022},
	url = {https://viso.ai/applications/computer-vision-applications/},
	abstract = {Explore an extensive list of the top 83 Computer Vision Applications. Find powerful, surprising, and high-value use cases across industries.},
	language = {en-US},
	urldate = {2021-12-27},
	journal = {viso.ai},
	month = mar,
	year = {2021},
	file = {Snapshot:/Users/julienvanbelle/Zotero/storage/ZIH5E3EP/computer-vision-applications.html:text/html},
}

@article{puech_vers_nodate,
	title = {Vers plus de robustesse en reconnaissance d'objets et de visages pour l'analyse d'images issues de vidéos de concert},
	language = {fr},
	author = {Puech, Fannie},
	pages = {127},
	file = {Puech - Vers plus de robustesse en reconnaissance d'objets.pdf:/Users/julienvanbelle/Zotero/storage/3XRG9WNY/Puech - Vers plus de robustesse en reconnaissance d'objets.pdf:application/pdf},
}

@misc{sakher_belouadah_object_nodate,
	title = {Object detection and recognition in digital images},
	url = {https://fr.slideshare.net/SakherBELOUADAH/object-detection-and-recognition-in-digital-images},
	urldate = {2021-12-28},
	author = {Sakher BELOUADAH},
}

@misc{noauthor_building_2018,
	title = {Building an {Object} {Detection} {Model} from {Scratch} in {Python}},
	url = {https://www.analyticsvidhya.com/blog/2018/06/understanding-building-object-detection-model-python/},
	abstract = {Object detection is seeing a boom in the machine learning space in recent times. Learn how to build object detection models from scratch in Python.},
	language = {en},
	urldate = {2021-12-28},
	journal = {Analytics Vidhya},
	month = jun,
	year = {2018},
	file = {Snapshot:/Users/julienvanbelle/Zotero/storage/TNB9XKRV/understanding-building-object-detection-model-python.html:text/html},
}

@misc{mohan_6_2020,
	title = {6 {Different} {Types} of {Object} {Detection} {Algorithms} in {Nutshell}},
	url = {https://machinelearningknowledge.ai/different-types-of-object-detection-algorithms/},
	abstract = {In this article we will cover some popular different types of object detection algorithms along with their advantages and limitations.},
	language = {en-US},
	urldate = {2021-12-29},
	journal = {MLK - Machine Learning Knowledge},
	author = {Mohan, Sachin},
	month = jun,
	year = {2020},
	file = {Snapshot:/Users/julienvanbelle/Zotero/storage/W86BXPUI/different-types-of-object-detection-algorithms.html:text/html},
}

@misc{noauthor_facial_nodate,
	title = {Facial recognition: top 7 trends (tech, vendors, markets, use cases \& latest news)},
	shorttitle = {Facial recognition},
	url = {https://www.thalesgroup.com/en/markets/digital-identity-and-security/government/biometrics/facial-recognition},
	abstract = {Facial recognition is a hot topic and somewhat controversial. Discover 7 trends likely to shape the face recognition landscape for the next 2 years.},
	language = {en},
	urldate = {2021-12-29},
	journal = {Thales Group},
	file = {Snapshot:/Users/julienvanbelle/Zotero/storage/TPHFAHLK/facial-recognition.html:text/html},
}

@misc{mattwich_understanding_2019,
	title = {Understanding {Object} {Detection}},
	url = {https://towardsdatascience.com/understanding-object-detection-9ba089154df8},
	abstract = {From the history of object detection down to the inner workings of the famous Faster-RCNN},
	language = {en},
	urldate = {2021-12-29},
	journal = {Medium},
	author = {Mattwich, Frederik},
	month = dec,
	year = {2019},
	file = {Snapshot:/Users/julienvanbelle/Zotero/storage/79EG5SAW/understanding-object-detection-9ba089154df8.html:text/html},
}

@article{zou_object_2019,
	title = {Object {Detection} in 20 {Years}: {A} {Survey}},
	shorttitle = {Object {Detection} in 20 {Years}},
	url = {http://arxiv.org/abs/1905.05055},
	abstract = {Object detection, as of one the most fundamental and challenging problems in computer vision, has received great attention in recent years. Its development in the past two decades can be regarded as an epitome of computer vision history. If we think of today’s object detection as a technical aesthetics under the power of deep learning, then turning back the clock 20 years we would witness the wisdom of cold weapon era. This paper extensively reviews 400+ papers of object detection in the light of its technical evolution, spanning over a quarter-century’s time (from the 1990s to 2019). A number of topics have been covered in this paper, including the milestone detectors in history, detection datasets, metrics, fundamental building blocks of the detection system, speed up techniques, and the recent state of the art detection methods. This paper also reviews some important detection applications, such as pedestrian detection, face detection, text detection, etc, and makes an in-deep analysis of their challenges as well as technical improvements in recent years.},
	language = {en},
	urldate = {2021-12-29},
	journal = {arXiv:1905.05055 [cs]},
	author = {Zou, Zhengxia and Shi, Zhenwei and Guo, Yuhong and Ye, Jieping},
	month = may,
	year = {2019},
	note = {arXiv: 1905.05055},
	keywords = {Computer Science - Computer Vision and Pattern Recognition},
	annote = {Comment: This work has been submitted to the IEEE TPAMI for possible publication},
	file = {Zou et al. - 2019 - Object Detection in 20 Years A Survey.pdf:/Users/julienvanbelle/Zotero/storage/FA5W83W3/Zou et al. - 2019 - Object Detection in 20 Years A Survey.pdf:application/pdf},
}

@misc{preferred_networks_brief_nodate,
	title = {A {Brief} {History} of {Object} {Detection} / {Tommi} {Kerola}},
	url = {https://fr.slideshare.net/pfi/a-brief-history-of-object-detection-tommi-kerola},
	urldate = {2021-12-29},
	author = {Preferred Networks},
}

@misc{noauthor_methode_2020,
	title = {Méthode de {Viola} et {Jones}},
	copyright = {Creative Commons Attribution-ShareAlike License},
	url = {https://fr.wikipedia.org/w/index.php?title=M%C3%A9thode_de_Viola_et_Jones&oldid=175497864},
	abstract = {La méthode de Viola et Jones  est une méthode de détection d'objet dans une image numérique, proposée par les chercheurs Paul Viola et Michael Jones en 2001. Elle fait partie des toutes premières méthodes capables de détecter efficacement et en temps réel des objets dans une image. Inventée à l'origine pour détecter des visages, elle peut également être utilisée pour détecter d'autres types d'objets comme des voitures ou des avions. La méthode de Viola et Jones a été l'une des méthodes les plus connues et les plus utilisées, en particulier pour la détection de visages et la détection de personnes.
En tant que procédé d'apprentissage supervisé, la méthode de Viola et Jones nécessite de quelques centaines à plusieurs milliers d'exemples de l'objet que l'on souhaite détecter, pour entraîner un classifieur. Une fois son apprentissage réalisé, ce classifieur est utilisé pour détecter la présence éventuelle de l'objet dans une image en parcourant celle-ci de manière exhaustive, à toutes les positions et dans toutes les tailles possibles.
Considérée comme étant l'une des plus importantes méthodes de détection d'objet, la méthode de Viola et Jones est notamment connue pour avoir introduit plusieurs notions reprises ensuite par de nombreux chercheurs en vision par ordinateur, à l'exemple de la notion d'image intégrale ou de la méthode de classification construite comme une cascade de classifieurs boostés.
Cette méthode bénéficie d'une implémentation sous licence BSD dans OpenCV, une bibliothèque très utilisée en vision par ordinateur.},
	language = {fr},
	urldate = {2021-12-29},
	journal = {Wikipédia},
	month = oct,
	year = {2020},
	note = {Page Version ID: 175497864},
	file = {Snapshot:/Users/julienvanbelle/Zotero/storage/A3ZEYNEF/index.html:text/html},
}

@misc{noauthor_explication_nodate,
	title = {Explication de la machine vectorielle de support ({SVM})},
	url = {https://ichi.pro/fr/explication-de-la-machine-vectorielle-de-support-svm-97743104690915},
	abstract = {Support Vector Machines (SVM) est un algorithme de base utilisé par les scientifiques des données. Il peut être appliqué à la fois aux problèmes de régression et de classification, mais il est le plus couramment utilisé pour la classification.},
	language = {fr},
	urldate = {2021-12-29},
	journal = {ICHI.PRO},
	file = {Snapshot:/Users/julienvanbelle/Zotero/storage/IRDCK5I4/explication-de-la-machine-vectorielle-de-support-svm-97743104690915.html:text/html},
}

@misc{saha_comprehensive_2018,
	title = {A {Comprehensive} {Guide} to {Convolutional} {Neural} {Networks} — the {ELI5} way},
	url = {https://towardsdatascience.com/a-comprehensive-guide-to-convolutional-neural-networks-the-eli5-way-3bd2b1164a53},
	abstract = {Artificial Intelligence has been witnessing a monumental growth in bridging the gap between the capabilities of humans and machines…},
	language = {en},
	urldate = {2021-12-30},
	journal = {Medium},
	author = {Saha, Sumit},
	month = dec,
	year = {2018},
	file = {Snapshot:/Users/julienvanbelle/Zotero/storage/DL5HDCNB/a-comprehensive-guide-to-convolutional-neural-networks-the-eli5-way-3bd2b1164a53.html:text/html},
}

@misc{noauthor_weight_2019,
	title = {Weight ({Artificial} {Neural} {Network})},
	url = {https://deepai.org/machine-learning-glossary-and-terms/weight-artificial-neural-network},
	abstract = {Weight is the parameter within a neural network that transforms input data within the network's hidden layers. As an input enters the node, it gets multiplied by a weight value and the resulting output is either observed, or passed to the next layer in the neural network.},
	urldate = {2021-12-30},
	journal = {DeepAI},
	month = may,
	year = {2019},
	file = {Snapshot:/Users/julienvanbelle/Zotero/storage/8HXAMWZV/weight-artificial-neural-network.html:text/html},
}

@misc{peixeiro_step-by-step_2020,
	title = {Step-by-step {Guide} to {Building} {Your} {Own} {Neural} {Network} {From} {Scratch}},
	url = {https://towardsdatascience.com/step-by-step-guide-to-building-your-own-neural-network-from-scratch-df64b1c5ab6e},
	abstract = {Learn the fundamentals of deep learning and build your very own neural network for image classification},
	language = {en},
	urldate = {2021-12-30},
	journal = {Medium},
	author = {Peixeiro, Marco},
	month = may,
	year = {2020},
	file = {Snapshot:/Users/julienvanbelle/Zotero/storage/5LAF9LS6/step-by-step-guide-to-building-your-own-neural-network-from-scratch-df64b1c5ab6e.html:text/html},
}

@misc{noauthor_understanding_nodate,
	title = {Understanding {SSD} {MultiBox} — {Real}-{Time} {Object} {Detection} {In} {Deep} {Learning} {\textbar} by {Eddie} {Forson} {\textbar} {Towards} {Data} {Science}},
	url = {https://towardsdatascience.com/understanding-ssd-multibox-real-time-object-detection-in-deep-learning-495ef744fab},
	urldate = {2021-12-30},
	file = {Understanding SSD MultiBox — Real-Time Object Detection In Deep Learning | by Eddie Forson | Towards Data Science:/Users/julienvanbelle/Zotero/storage/W5FUHQ5P/understanding-ssd-multibox-real-time-object-detection-in-deep-learning-495ef744fab.html:text/html},
}

@misc{noauthor_what_2019,
	title = {What {Is} {SSD} \& {How} {It} {Improved} {Computer} {Vision} {Forever}},
	url = {https://analyticsindiamag.com/what-is-ssd-how-it-improved-computer-vision-forever/},
	abstract = {The ground truth box is matched with the default box using Jaccard overlap, which ensures that each ground truth box has exactly one matched default box.},
	language = {en-US},
	urldate = {2021-12-30},
	journal = {Analytics India Magazine},
	month = mar,
	year = {2019},
	file = {Snapshot:/Users/julienvanbelle/Zotero/storage/BE5XBN2S/what-is-ssd-how-it-improved-computer-vision-forever.html:text/html},
}

@inproceedings{liu_ssd_2016,
	title = {{SSD}: {Single} {Shot} {MultiBox} {Detector}},
	volume = {9905},
	isbn = {978-3-319-46447-3},
	shorttitle = {{SSD}},
	doi = {10.1007/978-3-319-46448-0_2},
	abstract = {We present a method for detecting objects in images using a single deep neural network. Our approach, named SSD, discretizes the output space of bounding boxes into a set of default boxes over different aspect ratios and scales per feature map location. At prediction time, the network generates scores for the presence of each object category in each default box and produces adjustments to the box to better match the object shape. Additionally, the network combines predictions from multiple feature maps with different resolutions to naturally handle objects of various sizes. SSD is simple relative to methods that require object proposals because it completely eliminates proposal generation and subsequent pixel or feature resampling stages and encapsulates all computation in a single network. This makes SSD easy to train and straightforward to integrate into systems that require a detection component. Experimental results on the PASCAL VOC, COCO, and ILSVRC datasets confirm that SSD has competitive accuracy to methods that utilize an additional object proposal step and is much faster, while providing a unified framework for both training and inference. For {\textbackslash}(300 {\textbackslash}times 300{\textbackslash}) input, SSD achieves 74.3 \% mAP on VOC2007 test at 59 FPS on a Nvidia Titan X and for {\textbackslash}(512 {\textbackslash}times 512{\textbackslash}) input, SSD achieves 76.9 \% mAP, outperforming a comparable state of the art Faster R-CNN model. Compared to other single stage methods, SSD has much better accuracy even with a smaller input image size. Code is available at https:// github. com/ weiliu89/ caffe/ tree/ ssd.},
	author = {Liu, Wei and Anguelov, Dragomir and Erhan, Dumitru and Szegedy, Christian and Reed, Scott and Fu, Cheng-Yang and Berg, Alexander},
	month = oct,
	year = {2016},
	pages = {21--37},
	file = {Full Text PDF:/Users/julienvanbelle/Zotero/storage/TAZCYJQJ/Liu et al. - 2016 - SSD Single Shot MultiBox Detector.pdf:application/pdf},
}

@misc{noauthor_yolo_nodate,
	title = {{YOLO}: {Real}-{Time} {Object} {Detection}},
	url = {https://pjreddie.com/darknet/yolov2/},
	urldate = {2021-12-30},
	file = {YOLO\: Real-Time Object Detection:/Users/julienvanbelle/Zotero/storage/F2UZCN9T/yolov2.html:text/html},
}

@article{redmon_yolov3_nodate,
	title = {{YOLOv3}: {An} {Incremental} {Improvement}},
	abstract = {We present some updates to YOLO! We made a bunch of little design changes to make it better. We also trained this new network that’s pretty swell. It’s a little bigger than last time but more accurate. It’s still fast though, don’t worry. At 320 × 320 YOLOv3 runs in 22 ms at 28.2 mAP, as accurate as SSD but three times faster. When we look at the old .5 IOU mAP detection metric YOLOv3 is quite good. It achieves 57.9 AP50 in 51 ms on a Titan X, compared to 57.5 AP50 in 198 ms by RetinaNet, similar performance but 3.8× faster. As always, all the code is online at https://pjreddie.com/yolo/.},
	language = {en},
	author = {Redmon, Joseph and Farhadi, Ali},
	pages = {6},
	file = {Redmon et Farhadi - YOLOv3 An Incremental Improvement.pdf:/Users/julienvanbelle/Zotero/storage/MSZYQ6NM/Redmon et Farhadi - YOLOv3 An Incremental Improvement.pdf:application/pdf},
}
